<?xml version="1.0" encoding="UTF-8"?>
<collection xmlns="http://www.loc.gov/MARC21/slim" xmlns:xsi="http://www.w3.org/2001/XMLSchema-instance" xsi:schemaLocation="http://www.loc.gov/MARC21/slim http://www.loc.gov/standards/marcxml/schema/MARC21slim.xsd">
  <record>
    <leader>00000nam a2200000 c 4500</leader>
    <controlfield tag="001">BABB20150005885</controlfield>
    <controlfield tag="003">BABB</controlfield>
    <controlfield tag="005">20150123093710.0</controlfield>
    <controlfield tag="008">141222s2014    sp a   | |||| 000 1 spa  </controlfield>
    <datafield tag="015" ind1=" " ind2=" ">
      <subfield code="a">MON1412</subfield>
    </datafield>
    <datafield tag="016" ind1=" " ind2=" ">
      <subfield code="a">a5591328</subfield>
    </datafield>
    <datafield tag="017" ind1=" " ind2=" ">
      <subfield code="a">M 23781-2014</subfield>
      <subfield code="b">Oficina Depósito Legal Madrid</subfield>
    </datafield>
    <datafield tag="020" ind1=" " ind2=" ">
      <subfield code="a">978-84-680-2538-4</subfield>
    </datafield>
    <datafield tag="035" ind1=" " ind2=" ">
      <subfield code="a">(OCoLC)900058857</subfield>
    </datafield>
    <datafield tag="040" ind1=" " ind2=" ">
      <subfield code="a">SpMaBN</subfield>
      <subfield code="b">spa</subfield>
      <subfield code="c">SpMaBN</subfield>
      <subfield code="e">rdc</subfield>
    </datafield>
    <datafield tag="080" ind1=" " ind2=" ">
      <subfield code="a">087.5:82</subfield>
    </datafield>
    <datafield tag="100" ind1="1" ind2=" ">
      <subfield code="0">BAA20110040635</subfield>
      <subfield code="a">Pérez-Reverte, Arturo</subfield>
      <subfield code="d">1951</subfield>
      <subfield code="4">aut</subfield>
    </datafield>
    <datafield tag="245" ind1="1" ind2="0">
      <subfield code="a">Don Quijote de la Mancha</subfield>
      <subfield code="c">Miguel de Cervantes Saavedra ; adaptación por Arturo Pérez-Reverte</subfield>
    </datafield>
    <datafield tag="250" ind1=" " ind2=" ">
      <subfield code="a">1ª ed.</subfield>
    </datafield>
    <datafield tag="260" ind1=" " ind2=" ">
      <subfield code="a">Madrid</subfield>
      <subfield code="b">Real Academia Española</subfield>
      <subfield code="b">Santillana</subfield>
      <subfield code="c">2014</subfield>
    </datafield>
    <datafield tag="300" ind1=" " ind2=" ">
      <subfield code="a">586 p.</subfield>
      <subfield code="b">il.</subfield>
      <subfield code="c">22 cm</subfield>
    </datafield>
    <datafield tag="336" ind1=" " ind2=" ">
      <subfield code="a">Texto (visual)</subfield>
      <subfield code="2">isbdcontent</subfield>
    </datafield>
    <datafield tag="337" ind1=" " ind2=" ">
      <subfield code="a">sin mediación</subfield>
      <subfield code="2">isbdmedia</subfield>
    </datafield>
    <datafield tag="594" ind1=" " ind2=" ">
      <subfield code="a">Adaptación de: Don Quijote de la Mancha / Miguel de Cervantes Saavedra</subfield>
    </datafield>
    <datafield tag="700" ind1="1" ind2=" ">
      <subfield code="0">BABA20150003713</subfield>
      <subfield code="a">Cervantes Saavedra, Miguel de</subfield>
      <subfield code="d">1547-1616</subfield>
      <subfield code="t">Don Quijote de la Mancha</subfield>
    </datafield>
  </record>
</collection>